<?xml version="1.0" encoding="UTF-8"?>
<record xmlns="http://www.loc.gov/MARC21/slim" xmlns:xsi="http://www.w3.org/2001/XMLSchema-instance" xsi:schemaLocation="http://www.loc.gov/MARC21/slim http://www.loc.gov/standards/marcxml/schema/MARC21slim.xsd">
<leader>     nam a22002411  4500</leader>
<controlfield tag="001">001680748</controlfield>
<controlfield tag="003">NNU</controlfield>
<controlfield tag="005">20001218225250.0</controlfield>
<controlfield tag="008">881106s1969    iq            000 0 ara d</controlfield>
<datafield tag="010" ind1=" " ind2=" ">
<subfield code="a">70961789</subfield>
</datafield>
<datafield tag="035" ind1="9" ind2=" ">
<subfield code="a">NYUb12224151</subfield>
</datafield>
<datafield tag="035" ind1=" " ind2=" ">
<subfield code="a">(CSt-H)(Sirsi)a3909405</subfield>
</datafield>
<datafield tag="035" ind1=" " ind2=" ">
<subfield code="a">(CStRLIN)CSUXA3909405-B</subfield>
</datafield>
<datafield tag="040" ind1=" " ind2=" ">
<subfield code="c">CarP</subfield>
</datafield>
<datafield tag="050" ind1="0" ind2=" ">
<subfield code="a">PJ6065</subfield>
<subfield code="b">.T3 (Orien Arab)</subfield>
</datafield>
<datafield tag="100" ind1="1" ind2=" ">
<subfield code="a">Ṭāhir, ʻAlī Jawād.</subfield>
</datafield>
<datafield tag="245" ind1="1" ind2="0">
<subfield code="a">Tadrīs al-lughah al-ʻArabīyah fī madāris al-mutawassiṭah wa-al-thānawīyah /</subfield>
<subfield code="c">ʻAlī Jawād al-Ṭāhir.</subfield>
</datafield>
<datafield tag="260" ind1=" " ind2=" ">
<subfield code="a">al-Najaf :</subfield>
<subfield code="b">Maṭbaʻat al-Nuʻmān,</subfield>
<subfield code="c">1969.</subfield>
</datafield>
<datafield tag="300" ind1=" " ind2=" ">
<subfield code="a">126 p.</subfield>
<subfield code="c">24 cm.</subfield>
</datafield>
<datafield tag="500" ind1=" " ind2=" ">
<subfield code="a">Romanized.</subfield>
</datafield>
<datafield tag="650" ind1=" " ind2="0">
<subfield code="a">Arabic philology</subfield>
<subfield code="x">Study and teaching.</subfield>
</datafield>
<datafield tag="OWN" ind1=" " ind2=" ">
<subfield code="a">GENERAL</subfield>
</datafield>
<datafield tag="950" ind1=" " ind2=" ">
<subfield code="l">BMAIN</subfield>
<subfield code="a">PJ6065</subfield>
<subfield code="b">.T3</subfield>
</datafield>
<datafield tag="955" ind1=" " ind2=" ">
<subfield code="l">BMAIN</subfield>
<subfield code="c">1</subfield>
<subfield code="r">028828922</subfield>
</datafield>
<datafield tag="998" ind1=" " ind2=" ">
<subfield code="s">9125</subfield>
</datafield>
<datafield tag="AVA" ind1=" " ind2=" ">
<subfield code="a">NYU50</subfield>
<subfield code="b">BOBST</subfield>
<subfield code="c">Main Collection</subfield>
<subfield code="d">PJ6065 .T3</subfield>
<subfield code="e">unavailable</subfield>
<subfield code="t">Unavailable</subfield>
<subfield code="f">1</subfield>
<subfield code="g">1</subfield>
<subfield code="h">N</subfield>
<subfield code="i">1</subfield>
<subfield code="j">MAIN</subfield>
</datafield>
</record>
